@Manual{R-base,
  title = {R: A Language and Environment for Statistical Computing},
  author = {{R Core Team}},
  organization = {R Foundation for Statistical Computing},
  address = {Vienna, Austria},
  year = {2018},
  url = {https://www.R-project.org/},
}
@Manual{R-gstat,
  title = {gstat: Spatial and Spatio-Temporal Geostatistical Modelling, Prediction
and Simulation},
  author = {Edzer Pebesma and Benedikt Graeler},
  year = {2019},
  note = {R package version 2.0-3},
  url = {https://CRAN.R-project.org/package=gstat},
}
@Manual{R-phyloseq,
  title = {phyloseq: Handling and analysis of high-throughput microbiome census data},
  author = {Paul J. McMurdie and Susan Holmes and with contributions from Gregory Jordan and Scott Chamberlain},
  year = {2018},
  note = {R package version 1.26.0},
  url = {http://dx.plos.org/10.1371/journal.pone.0061217},
}
@Article{gstat2004,
  title = {Multivariable geostatistics in {S}: the gstat package},
  author = {Edzer J. Pebesma},
  journal = {Computers & Geosciences},
  year = {2004},
  volume = {30},
  pages = {683-691},
}
@Article{gstat2016,
  title = {Spatio-Temporal Interpolation using gstat},
  author = {Benedikt Gr√§ler and Edzer Pebesma and Gerard Heuvelink},
  year = {2016},
  journal = {The R Journal},
  volume = {8},
  issue = {1},
  pages = {204-218},
  url = {https://journal.r-project.org/archive/2016/RJ-2016-014/index.html},
}
@Article{phyloseq2013,
  author = {Paul J. McMurdie and Susan Holmes},
  journal = {PLoS ONE},
  pages = {e61217},
  title = {phyloseq: An R package for reproducible interactive analysis and graphics of microbiome census data},
  volume = {8},
  number = {4},
  year = {2013},
  url = {http://dx.plos.org/10.1371/journal.pone.0061217},
}
